%YAML 1.1
%TAG !u! tag:unity3d.com,2011:
--- !u!1 &2448968091102848885
GameObject:
  m_ObjectHideFlags: 0
  m_CorrespondingSourceObject: {fileID: 0}
  m_PrefabInstance: {fileID: 0}
  m_PrefabAsset: {fileID: 0}
  serializedVersion: 6
  m_Component:
  - component: {fileID: 3078117077589163471}
  - component: {fileID: 2448968091102848884}
  - component: {fileID: 5861163699424425437}
  m_Layer: 0
  m_Name: Animation2A
  m_TagString: Untagged
  m_Icon: {fileID: 0}
  m_NavMeshLayer: 0
  m_StaticEditorFlags: 0
  m_IsActive: 1
--- !u!4 &3078117077589163471
Transform:
  m_ObjectHideFlags: 0
  m_CorrespondingSourceObject: {fileID: 0}
  m_PrefabInstance: {fileID: 0}
  m_PrefabAsset: {fileID: 0}
  m_GameObject: {fileID: 2448968091102848885}
  m_LocalRotation: {x: 0.13168195, y: 0.3977705, z: -0.05375612, w: -0.9063933}
  m_LocalPosition: {x: -0.08, y: -1.3, z: 10.5}
  m_LocalScale: {x: 1, y: 1, z: 1}
  m_Children:
  - {fileID: 6558273979910335299}
  - {fileID: 5234110841239943170}
  - {fileID: 4072583821365355232}
  - {fileID: 691386448659436134}
  - {fileID: 6548731672640694064}
  - {fileID: 2551279804534047204}
  - {fileID: 8357808109734655299}
  - {fileID: 5453613101742588914}
  m_Father: {fileID: 0}
  m_RootOrder: 0
  m_LocalEulerAnglesHint: {x: -11.3, y: 311.43, z: 11.9}
--- !u!95 &2448968091102848884
Animator:
  serializedVersion: 3
  m_ObjectHideFlags: 0
  m_CorrespondingSourceObject: {fileID: 0}
  m_PrefabInstance: {fileID: 0}
  m_PrefabAsset: {fileID: 0}
  m_GameObject: {fileID: 2448968091102848885}
  m_Enabled: 1
  m_Avatar: {fileID: 0}
  m_Controller: {fileID: 9100000, guid: b8896b463ede158408601be757df43d7, type: 2}
  m_CullingMode: 0
  m_UpdateMode: 0
  m_ApplyRootMotion: 0
  m_LinearVelocityBlending: 0
  m_WarningMessage: 
  m_HasTransformHierarchy: 1
  m_AllowConstantClipSamplingOptimization: 1
  m_KeepAnimatorControllerStateOnDisable: 0
--- !u!114 &5861163699424425437
MonoBehaviour:
  m_ObjectHideFlags: 0
  m_CorrespondingSourceObject: {fileID: 0}
  m_PrefabInstance: {fileID: 0}
  m_PrefabAsset: {fileID: 0}
  m_GameObject: {fileID: 2448968091102848885}
  m_Enabled: 1
  m_EditorHideFlags: 0
  m_Script: {fileID: 11500000, guid: 8e30d0172b1a1284888df5c867949ef7, type: 3}
  m_Name: 
  m_EditorClassIdentifier: 
  rotationRate: 3
  scaleRate: 0.1
--- !u!1 &2832928153055266868
GameObject:
  m_ObjectHideFlags: 0
  m_CorrespondingSourceObject: {fileID: 0}
  m_PrefabInstance: {fileID: 0}
  m_PrefabAsset: {fileID: 0}
  serializedVersion: 6
  m_Component:
  - component: {fileID: 6548731672640694064}
  - component: {fileID: 2274810634078625898}
  - component: {fileID: 315034232564791921}
  m_Layer: 0
  m_Name: 03
  m_TagString: Untagged
  m_Icon: {fileID: 0}
  m_NavMeshLayer: 0
  m_StaticEditorFlags: 0
  m_IsActive: 1
--- !u!4 &6548731672640694064
Transform:
  m_ObjectHideFlags: 0
  m_CorrespondingSourceObject: {fileID: 0}
  m_PrefabInstance: {fileID: 0}
  m_PrefabAsset: {fileID: 0}
  m_GameObject: {fileID: 2832928153055266868}
  m_LocalRotation: {x: 0.00000008146034, y: 0, z: -0, w: 1}
  m_LocalPosition: {x: 0.007303059, y: 2.08251, z: 0.4057064}
  m_LocalScale: {x: 16.202389, y: 16.202389, z: 16.202389}
  m_Children: []
  m_Father: {fileID: 3078117077589163471}
  m_RootOrder: 4
  m_LocalEulerAnglesHint: {x: 0, y: 0, z: 0}
--- !u!33 &2274810634078625898
MeshFilter:
  m_ObjectHideFlags: 0
  m_CorrespondingSourceObject: {fileID: 0}
  m_PrefabInstance: {fileID: 0}
  m_PrefabAsset: {fileID: 0}
  m_GameObject: {fileID: 2832928153055266868}
  m_Mesh: {fileID: -7549234974165344838, guid: 9b1899bda66dfa64a9790f6913d349cd, type: 3}
--- !u!23 &315034232564791921
MeshRenderer:
  m_ObjectHideFlags: 0
  m_CorrespondingSourceObject: {fileID: 0}
  m_PrefabInstance: {fileID: 0}
  m_PrefabAsset: {fileID: 0}
  m_GameObject: {fileID: 2832928153055266868}
  m_Enabled: 1
  m_CastShadows: 1
  m_ReceiveShadows: 1
  m_DynamicOccludee: 1
  m_MotionVectors: 1
  m_LightProbeUsage: 1
  m_ReflectionProbeUsage: 1
  m_RayTracingMode: 2
  m_RenderingLayerMask: 1
  m_RendererPriority: 0
  m_Materials:
  - {fileID: 2100000, guid: b3eebf3095b6a044b8086142f24e0e6a, type: 2}
  m_StaticBatchInfo:
    firstSubMesh: 0
    subMeshCount: 0
  m_StaticBatchRoot: {fileID: 0}
  m_ProbeAnchor: {fileID: 0}
  m_LightProbeVolumeOverride: {fileID: 0}
  m_ScaleInLightmap: 1
  m_ReceiveGI: 1
  m_PreserveUVs: 0
  m_IgnoreNormalsForChartDetection: 0
  m_ImportantGI: 0
  m_StitchLightmapSeams: 1
  m_SelectedEditorRenderState: 3
  m_MinimumChartSize: 4
  m_AutoUVMaxDistance: 0.5
  m_AutoUVMaxAngle: 89
  m_LightmapParameters: {fileID: 0}
  m_SortingLayerID: 0
  m_SortingLayer: 0
  m_SortingOrder: 0
--- !u!1 &3834267715973406118
GameObject:
  m_ObjectHideFlags: 0
  m_CorrespondingSourceObject: {fileID: 0}
  m_PrefabInstance: {fileID: 0}
  m_PrefabAsset: {fileID: 0}
  serializedVersion: 6
  m_Component:
  - component: {fileID: 5453613101742588914}
  - component: {fileID: 1605018581848335612}
  - component: {fileID: 4395184015568613468}
  m_Layer: 0
  m_Name: Oiler
  m_TagString: Untagged
  m_Icon: {fileID: 0}
  m_NavMeshLayer: 0
  m_StaticEditorFlags: 0
  m_IsActive: 1
--- !u!4 &5453613101742588914
Transform:
  m_ObjectHideFlags: 0
  m_CorrespondingSourceObject: {fileID: 0}
  m_PrefabInstance: {fileID: 0}
  m_PrefabAsset: {fileID: 0}
  m_GameObject: {fileID: 3834267715973406118}
  m_LocalRotation: {x: -0.056461014, y: -0.09778829, z: -0.35840967, w: 0.92671037}
  m_LocalPosition: {x: -1.6481419, y: 0.7247895, z: 0.23380709}
  m_LocalScale: {x: 13.212233, y: 13.212231, z: 13.212233}
  m_Children: []
  m_Father: {fileID: 3078117077589163471}
  m_RootOrder: 7
  m_LocalEulerAnglesHint: {x: -7.38563, y: -6.0742025, z: -25.37131}
--- !u!33 &1605018581848335612
MeshFilter:
  m_ObjectHideFlags: 0
  m_CorrespondingSourceObject: {fileID: 0}
  m_PrefabInstance: {fileID: 0}
  m_PrefabAsset: {fileID: 0}
  m_GameObject: {fileID: 3834267715973406118}
  m_Mesh: {fileID: -3723047011738806082, guid: 9b1899bda66dfa64a9790f6913d349cd, type: 3}
--- !u!23 &4395184015568613468
MeshRenderer:
  m_ObjectHideFlags: 0
  m_CorrespondingSourceObject: {fileID: 0}
  m_PrefabInstance: {fileID: 0}
  m_PrefabAsset: {fileID: 0}
  m_GameObject: {fileID: 3834267715973406118}
  m_Enabled: 1
  m_CastShadows: 1
  m_ReceiveShadows: 1
  m_DynamicOccludee: 1
  m_MotionVectors: 1
  m_LightProbeUsage: 1
  m_ReflectionProbeUsage: 1
  m_RayTracingMode: 2
  m_RenderingLayerMask: 1
  m_RendererPriority: 0
  m_Materials:
  - {fileID: 2100000, guid: b828d014433387941990b83ac1490590, type: 2}
  - {fileID: 2100000, guid: c6678146ca8376c46838ab23e23b8994, type: 2}
  - {fileID: 2100000, guid: 28a37209eb7df5046a19311b82f9b580, type: 2}
  - {fileID: 2100000, guid: 1b14fc1b443b267498e37b4f712ff1ab, type: 2}
  m_StaticBatchInfo:
    firstSubMesh: 0
    subMeshCount: 0
  m_StaticBatchRoot: {fileID: 0}
  m_ProbeAnchor: {fileID: 0}
  m_LightProbeVolumeOverride: {fileID: 0}
  m_ScaleInLightmap: 1
  m_ReceiveGI: 1
  m_PreserveUVs: 0
  m_IgnoreNormalsForChartDetection: 0
  m_ImportantGI: 0
  m_StitchLightmapSeams: 1
  m_SelectedEditorRenderState: 3
  m_MinimumChartSize: 4
  m_AutoUVMaxDistance: 0.5
  m_AutoUVMaxAngle: 89
  m_LightmapParameters: {fileID: 0}
  m_SortingLayerID: 0
  m_SortingLayer: 0
  m_SortingOrder: 0
--- !u!1 &4976627108800669458
GameObject:
  m_ObjectHideFlags: 0
  m_CorrespondingSourceObject: {fileID: 0}
  m_PrefabInstance: {fileID: 0}
  m_PrefabAsset: {fileID: 0}
  serializedVersion: 6
  m_Component:
  - component: {fileID: 691386448659436134}
  - component: {fileID: 3242413393748371260}
  - component: {fileID: 8034348285646814532}
  m_Layer: 0
  m_Name: 02.001
  m_TagString: Untagged
  m_Icon: {fileID: 0}
  m_NavMeshLayer: 0
  m_StaticEditorFlags: 0
  m_IsActive: 1
--- !u!4 &691386448659436134
Transform:
  m_ObjectHideFlags: 0
  m_CorrespondingSourceObject: {fileID: 0}
  m_PrefabInstance: {fileID: 0}
  m_PrefabAsset: {fileID: 0}
  m_GameObject: {fileID: 4976627108800669458}
  m_LocalRotation: {x: 0.00000008146034, y: 0, z: -0, w: 1}
  m_LocalPosition: {x: 0.76, y: -0.2188033, z: 0.96}
  m_LocalScale: {x: 9.631816, y: 9.631816, z: 9.631816}
  m_Children: []
  m_Father: {fileID: 3078117077589163471}
  m_RootOrder: 3
  m_LocalEulerAnglesHint: {x: 0, y: 0, z: 0}
--- !u!33 &3242413393748371260
MeshFilter:
  m_ObjectHideFlags: 0
  m_CorrespondingSourceObject: {fileID: 0}
  m_PrefabInstance: {fileID: 0}
  m_PrefabAsset: {fileID: 0}
  m_GameObject: {fileID: 4976627108800669458}
  m_Mesh: {fileID: -5902107039086457487, guid: 9b1899bda66dfa64a9790f6913d349cd, type: 3}
--- !u!23 &8034348285646814532
MeshRenderer:
  m_ObjectHideFlags: 0
  m_CorrespondingSourceObject: {fileID: 0}
  m_PrefabInstance: {fileID: 0}
  m_PrefabAsset: {fileID: 0}
  m_GameObject: {fileID: 4976627108800669458}
  m_Enabled: 1
  m_CastShadows: 1
  m_ReceiveShadows: 1
  m_DynamicOccludee: 1
  m_MotionVectors: 1
  m_LightProbeUsage: 1
  m_ReflectionProbeUsage: 1
  m_RayTracingMode: 2
  m_RenderingLayerMask: 1
  m_RendererPriority: 0
  m_Materials:
  - {fileID: 2100000, guid: b3eebf3095b6a044b8086142f24e0e6a, type: 2}
  - {fileID: 2100000, guid: fc3f1cb741d9e6f49bf47ea1ecb2dbbb, type: 2}
  - {fileID: 2100000, guid: cdb3ecc3b108d8e46b253cb10b00b5a6, type: 2}
  - {fileID: 2100000, guid: 33ced492141d248448fa3c30986984ae, type: 2}
  - {fileID: 2100000, guid: 8f9eb4fde134c9d4ab7da793088bf43a, type: 2}
  - {fileID: 2100000, guid: 6b3833d48f39e404e938f1b71eb63e25, type: 2}
  m_StaticBatchInfo:
    firstSubMesh: 0
    subMeshCount: 0
  m_StaticBatchRoot: {fileID: 0}
  m_ProbeAnchor: {fileID: 0}
  m_LightProbeVolumeOverride: {fileID: 0}
  m_ScaleInLightmap: 1
  m_ReceiveGI: 1
  m_PreserveUVs: 0
  m_IgnoreNormalsForChartDetection: 0
  m_ImportantGI: 0
  m_StitchLightmapSeams: 1
  m_SelectedEditorRenderState: 3
  m_MinimumChartSize: 4
  m_AutoUVMaxDistance: 0.5
  m_AutoUVMaxAngle: 89
  m_LightmapParameters: {fileID: 0}
  m_SortingLayerID: 0
  m_SortingLayer: 0
  m_SortingOrder: 0
--- !u!1 &7178376234020342496
GameObject:
  m_ObjectHideFlags: 0
  m_CorrespondingSourceObject: {fileID: 0}
  m_PrefabInstance: {fileID: 0}
  m_PrefabAsset: {fileID: 0}
  serializedVersion: 6
  m_Component:
  - component: {fileID: 2551279804534047204}
  - component: {fileID: 9070182218305390288}
  - component: {fileID: 3975039535495469340}
  m_Layer: 0
  m_Name: 3
  m_TagString: Untagged
  m_Icon: {fileID: 0}
  m_NavMeshLayer: 0
  m_StaticEditorFlags: 0
  m_IsActive: 1
--- !u!4 &2551279804534047204
Transform:
  m_ObjectHideFlags: 0
  m_CorrespondingSourceObject: {fileID: 0}
  m_PrefabInstance: {fileID: 0}
  m_PrefabAsset: {fileID: 0}
  m_GameObject: {fileID: 7178376234020342496}
  m_LocalRotation: {x: -0.70800716, y: 0, z: -0, w: 0.70620525}
  m_LocalPosition: {x: -0.12547767, y: 0.99, z: 0.40007794}
  m_LocalScale: {x: 0.045435287, y: 0.04543529, z: 0.04543529}
  m_Children: []
  m_Father: {fileID: 3078117077589163471}
  m_RootOrder: 5
  m_LocalEulerAnglesHint: {x: 0, y: 0, z: 0}
--- !u!33 &9070182218305390288
MeshFilter:
  m_ObjectHideFlags: 0
  m_CorrespondingSourceObject: {fileID: 0}
  m_PrefabInstance: {fileID: 0}
  m_PrefabAsset: {fileID: 0}
  m_GameObject: {fileID: 7178376234020342496}
  m_Mesh: {fileID: -5582133695706433325, guid: 9b1899bda66dfa64a9790f6913d349cd, type: 3}
--- !u!23 &3975039535495469340
MeshRenderer:
  m_ObjectHideFlags: 0
  m_CorrespondingSourceObject: {fileID: 0}
  m_PrefabInstance: {fileID: 0}
  m_PrefabAsset: {fileID: 0}
  m_GameObject: {fileID: 7178376234020342496}
  m_Enabled: 1
  m_CastShadows: 1
  m_ReceiveShadows: 1
  m_DynamicOccludee: 1
  m_MotionVectors: 1
  m_LightProbeUsage: 1
  m_ReflectionProbeUsage: 1
  m_RayTracingMode: 2
  m_RenderingLayerMask: 1
  m_RendererPriority: 0
  m_Materials:
  - {fileID: 2100000, guid: 517227784ffdf9c43950ac891355d8e3, type: 2}
  m_StaticBatchInfo:
    firstSubMesh: 0
    subMeshCount: 0
  m_StaticBatchRoot: {fileID: 0}
  m_ProbeAnchor: {fileID: 0}
  m_LightProbeVolumeOverride: {fileID: 0}
  m_ScaleInLightmap: 1
  m_ReceiveGI: 1
  m_PreserveUVs: 0
  m_IgnoreNormalsForChartDetection: 0
  m_ImportantGI: 0
  m_StitchLightmapSeams: 1
  m_SelectedEditorRenderState: 3
  m_MinimumChartSize: 4
  m_AutoUVMaxDistance: 0.5
  m_AutoUVMaxAngle: 89
  m_LightmapParameters: {fileID: 0}
  m_SortingLayerID: 0
  m_SortingLayer: 0
  m_SortingOrder: 0
--- !u!1 &7341357719966760192
GameObject:
  m_ObjectHideFlags: 0
  m_CorrespondingSourceObject: {fileID: 0}
  m_PrefabInstance: {fileID: 0}
  m_PrefabAsset: {fileID: 0}
  serializedVersion: 6
  m_Component:
  - component: {fileID: 5234110841239943170}
  - component: {fileID: 2116281273390999712}
  - component: {fileID: 8823914707899403417}
  m_Layer: 0
  m_Name: 1
  m_TagString: Untagged
  m_Icon: {fileID: 0}
  m_NavMeshLayer: 0
  m_StaticEditorFlags: 0
  m_IsActive: 1
--- !u!4 &5234110841239943170
Transform:
  m_ObjectHideFlags: 0
  m_CorrespondingSourceObject: {fileID: 0}
  m_PrefabInstance: {fileID: 0}
  m_PrefabAsset: {fileID: 0}
  m_GameObject: {fileID: 7341357719966760192}
  m_LocalRotation: {x: -0.70800716, y: 0, z: -0, w: 0.70620525}
  m_LocalPosition: {x: 0.012523413, y: 1.5949565, z: 0.41131306}
  m_LocalScale: {x: 0.045435287, y: 0.04543529, z: 0.04543529}
  m_Children: []
  m_Father: {fileID: 3078117077589163471}
  m_RootOrder: 1
  m_LocalEulerAnglesHint: {x: 0, y: 0, z: 0}
--- !u!33 &2116281273390999712
MeshFilter:
  m_ObjectHideFlags: 0
  m_CorrespondingSourceObject: {fileID: 0}
  m_PrefabInstance: {fileID: 0}
  m_PrefabAsset: {fileID: 0}
  m_GameObject: {fileID: 7341357719966760192}
  m_Mesh: {fileID: -1562275218897716241, guid: 9b1899bda66dfa64a9790f6913d349cd, type: 3}
--- !u!23 &8823914707899403417
MeshRenderer:
  m_ObjectHideFlags: 0
  m_CorrespondingSourceObject: {fileID: 0}
  m_PrefabInstance: {fileID: 0}
  m_PrefabAsset: {fileID: 0}
  m_GameObject: {fileID: 7341357719966760192}
  m_Enabled: 1
  m_CastShadows: 1
  m_ReceiveShadows: 1
  m_DynamicOccludee: 1
  m_MotionVectors: 1
  m_LightProbeUsage: 1
  m_ReflectionProbeUsage: 1
  m_RayTracingMode: 2
  m_RenderingLayerMask: 1
  m_RendererPriority: 0
  m_Materials:
  - {fileID: 2100000, guid: 517227784ffdf9c43950ac891355d8e3, type: 2}
  m_StaticBatchInfo:
    firstSubMesh: 0
    subMeshCount: 0
  m_StaticBatchRoot: {fileID: 0}
  m_ProbeAnchor: {fileID: 0}
  m_LightProbeVolumeOverride: {fileID: 0}
  m_ScaleInLightmap: 1
  m_ReceiveGI: 1
  m_PreserveUVs: 0
  m_IgnoreNormalsForChartDetection: 0
  m_ImportantGI: 0
  m_StitchLightmapSeams: 1
  m_SelectedEditorRenderState: 3
  m_MinimumChartSize: 4
  m_AutoUVMaxDistance: 0.5
  m_AutoUVMaxAngle: 89
  m_LightmapParameters: {fileID: 0}
  m_SortingLayerID: 0
  m_SortingLayer: 0
  m_SortingOrder: 0
--- !u!1 &8426883549376409074
GameObject:
  m_ObjectHideFlags: 0
  m_CorrespondingSourceObject: {fileID: 0}
  m_PrefabInstance: {fileID: 0}
  m_PrefabAsset: {fileID: 0}
  serializedVersion: 6
  m_Component:
  - component: {fileID: 4072583821365355232}
  - component: {fileID: 1051301943012624215}
  - component: {fileID: 7551835704037296913}
  m_Layer: 0
  m_Name: 2
  m_TagString: Untagged
  m_Icon: {fileID: 0}
  m_NavMeshLayer: 0
  m_StaticEditorFlags: 0
  m_IsActive: 1
--- !u!4 &4072583821365355232
Transform:
  m_ObjectHideFlags: 0
  m_CorrespondingSourceObject: {fileID: 0}
  m_PrefabInstance: {fileID: 0}
  m_PrefabAsset: {fileID: 0}
  m_GameObject: {fileID: 8426883549376409074}
  m_LocalRotation: {x: -0.70800716, y: 0, z: -0, w: 0.70620525}
  m_LocalPosition: {x: 0.009318948, y: 1.578919, z: 0.40912485}
  m_LocalScale: {x: 0.045435287, y: 0.04543529, z: 0.04543529}
  m_Children: []
  m_Father: {fileID: 3078117077589163471}
  m_RootOrder: 2
  m_LocalEulerAnglesHint: {x: 0, y: 0, z: 0}
--- !u!33 &1051301943012624215
MeshFilter:
  m_ObjectHideFlags: 0
  m_CorrespondingSourceObject: {fileID: 0}
  m_PrefabInstance: {fileID: 0}
  m_PrefabAsset: {fileID: 0}
  m_GameObject: {fileID: 8426883549376409074}
  m_Mesh: {fileID: -7969978266939365281, guid: 9b1899bda66dfa64a9790f6913d349cd, type: 3}
--- !u!23 &7551835704037296913
MeshRenderer:
  m_ObjectHideFlags: 0
  m_CorrespondingSourceObject: {fileID: 0}
  m_PrefabInstance: {fileID: 0}
  m_PrefabAsset: {fileID: 0}
  m_GameObject: {fileID: 8426883549376409074}
  m_Enabled: 1
  m_CastShadows: 1
  m_ReceiveShadows: 1
  m_DynamicOccludee: 1
  m_MotionVectors: 1
  m_LightProbeUsage: 1
  m_ReflectionProbeUsage: 1
  m_RayTracingMode: 2
  m_RenderingLayerMask: 1
  m_RendererPriority: 0
  m_Materials:
  - {fileID: 2100000, guid: 3f189b71d44213842abc754463495d1c, type: 2}
  - {fileID: 2100000, guid: 517227784ffdf9c43950ac891355d8e3, type: 2}
  m_StaticBatchInfo:
    firstSubMesh: 0
    subMeshCount: 0
  m_StaticBatchRoot: {fileID: 0}
  m_ProbeAnchor: {fileID: 0}
  m_LightProbeVolumeOverride: {fileID: 0}
  m_ScaleInLightmap: 1
  m_ReceiveGI: 1
  m_PreserveUVs: 0
  m_IgnoreNormalsForChartDetection: 0
  m_ImportantGI: 0
  m_StitchLightmapSeams: 1
  m_SelectedEditorRenderState: 3
  m_MinimumChartSize: 4
  m_AutoUVMaxDistance: 0.5
  m_AutoUVMaxAngle: 89
  m_LightmapParameters: {fileID: 0}
  m_SortingLayerID: 0
  m_SortingLayer: 0
  m_SortingOrder: 0
--- !u!1 &8626477542596391876
GameObject:
  m_ObjectHideFlags: 0
  m_CorrespondingSourceObject: {fileID: 0}
  m_PrefabInstance: {fileID: 0}
  m_PrefabAsset: {fileID: 0}
  serializedVersion: 6
  m_Component:
  - component: {fileID: 8357808109734655299}
  - component: {fileID: 3660458691553800871}
  - component: {fileID: 4577596319415437541}
  m_Layer: 0
  m_Name: 04
  m_TagString: Untagged
  m_Icon: {fileID: 0}
  m_NavMeshLayer: 0
  m_StaticEditorFlags: 0
  m_IsActive: 1
--- !u!4 &8357808109734655299
Transform:
  m_ObjectHideFlags: 0
  m_CorrespondingSourceObject: {fileID: 0}
  m_PrefabInstance: {fileID: 0}
  m_PrefabAsset: {fileID: 0}
  m_GameObject: {fileID: 8626477542596391876}
  m_LocalRotation: {x: 0.00000008146034, y: 0, z: -0, w: 1}
  m_LocalPosition: {x: -0.13223153, y: 0.5216287, z: -0.0134084225}
  m_LocalScale: {x: 9.631816, y: 9.631816, z: 9.631816}
  m_Children: []
  m_Father: {fileID: 3078117077589163471}
  m_RootOrder: 6
  m_LocalEulerAnglesHint: {x: 0, y: 0, z: 0}
--- !u!33 &3660458691553800871
MeshFilter:
  m_ObjectHideFlags: 0
  m_CorrespondingSourceObject: {fileID: 0}
  m_PrefabInstance: {fileID: 0}
  m_PrefabAsset: {fileID: 0}
  m_GameObject: {fileID: 8626477542596391876}
  m_Mesh: {fileID: 5211372746540569822, guid: 9b1899bda66dfa64a9790f6913d349cd, type: 3}
--- !u!23 &4577596319415437541
MeshRenderer:
  m_ObjectHideFlags: 0
  m_CorrespondingSourceObject: {fileID: 0}
  m_PrefabInstance: {fileID: 0}
  m_PrefabAsset: {fileID: 0}
  m_GameObject: {fileID: 8626477542596391876}
  m_Enabled: 1
  m_CastShadows: 1
  m_ReceiveShadows: 1
  m_DynamicOccludee: 1
  m_MotionVectors: 1
  m_LightProbeUsage: 1
  m_ReflectionProbeUsage: 1
  m_RayTracingMode: 2
  m_RenderingLayerMask: 1
  m_RendererPriority: 0
  m_Materials:
  - {fileID: 2100000, guid: 6a1eeb8573137ac49821bbb582b10882, type: 2}
  - {fileID: 2100000, guid: 63f0c77012abcee40a4c0ce0250fae50, type: 2}
  - {fileID: 2100000, guid: 7630e91c161d5804c83aeaf9a7b1eb17, type: 2}
  - {fileID: 2100000, guid: 1321e8d3a369a084b87e758599eaf702, type: 2}
  - {fileID: 2100000, guid: 3e254c8e363b5de4ea531792f41c7149, type: 2}
  - {fileID: 2100000, guid: a9e1b29c255355245adfc444a3e1d232, type: 2}
  - {fileID: 2100000, guid: f256b311f8390024e971f3cda54933f5, type: 2}
  - {fileID: 2100000, guid: da822f2285818034a9b8ec8064b9e57a, type: 2}
  - {fileID: 2100000, guid: aa193cbbadbec0e42ab785534abd6f0c, type: 2}
  - {fileID: 2100000, guid: fed0f785fa9d51642b6f3f11906e2c71, type: 2}
  m_StaticBatchInfo:
    firstSubMesh: 0
    subMeshCount: 0
  m_StaticBatchRoot: {fileID: 0}
  m_ProbeAnchor: {fileID: 0}
  m_LightProbeVolumeOverride: {fileID: 0}
  m_ScaleInLightmap: 1
  m_ReceiveGI: 1
  m_PreserveUVs: 0
  m_IgnoreNormalsForChartDetection: 0
  m_ImportantGI: 0
  m_StitchLightmapSeams: 1
  m_SelectedEditorRenderState: 3
  m_MinimumChartSize: 4
  m_AutoUVMaxDistance: 0.5
  m_AutoUVMaxAngle: 89
  m_LightmapParameters: {fileID: 0}
  m_SortingLayerID: 0
  m_SortingLayer: 0
  m_SortingOrder: 0
--- !u!1 &8958430731194756250
GameObject:
  m_ObjectHideFlags: 0
  m_CorrespondingSourceObject: {fileID: 0}
  m_PrefabInstance: {fileID: 0}
  m_PrefabAsset: {fileID: 0}
  serializedVersion: 6
  m_Component:
  - component: {fileID: 6558273979910335299}
  - component: {fileID: 8281257829741301683}
  - component: {fileID: 7388619833807235909}
  m_Layer: 0
  m_Name: 01
  m_TagString: Untagged
  m_Icon: {fileID: 0}
  m_NavMeshLayer: 0
  m_StaticEditorFlags: 0
  m_IsActive: 1
--- !u!4 &6558273979910335299
Transform:
  m_ObjectHideFlags: 0
  m_CorrespondingSourceObject: {fileID: 0}
  m_PrefabInstance: {fileID: 0}
  m_PrefabAsset: {fileID: 0}
  m_GameObject: {fileID: 8958430731194756250}
  m_LocalRotation: {x: 0.00000008146034, y: 0, z: -0, w: 1}
  m_LocalPosition: {x: 0.76, y: -0.21880327, z: 0.9600001}
  m_LocalScale: {x: 9.631816, y: 9.631816, z: 9.631816}
  m_Children: []
  m_Father: {fileID: 3078117077589163471}
  m_RootOrder: 0
  m_LocalEulerAnglesHint: {x: 0, y: 0, z: 0}
--- !u!33 &8281257829741301683
MeshFilter:
  m_ObjectHideFlags: 0
  m_CorrespondingSourceObject: {fileID: 0}
  m_PrefabInstance: {fileID: 0}
  m_PrefabAsset: {fileID: 0}
  m_GameObject: {fileID: 8958430731194756250}
  m_Mesh: {fileID: 8835491837878356591, guid: 9b1899bda66dfa64a9790f6913d349cd, type: 3}
--- !u!23 &7388619833807235909
MeshRenderer:
  m_ObjectHideFlags: 0
  m_CorrespondingSourceObject: {fileID: 0}
  m_PrefabInstance: {fileID: 0}
  m_PrefabAsset: {fileID: 0}
  m_GameObject: {fileID: 8958430731194756250}
  m_Enabled: 1
  m_CastShadows: 1
  m_ReceiveShadows: 1
  m_DynamicOccludee: 1
  m_MotionVectors: 1
  m_LightProbeUsage: 1
  m_ReflectionProbeUsage: 1
  m_RayTracingMode: 2
  m_RenderingLayerMask: 1
  m_RendererPriority: 0
  m_Materials:
  - {fileID: 2100000, guid: aa1cba5df4510304c97e070928e7d30d, type: 2}
  - {fileID: 2100000, guid: 7e024e4f25d8c6c499ea39f1b1bb17f4, type: 2}
  - {fileID: 2100000, guid: 8887a19bfcd17a74e8a6cedd05a76f1b, type: 2}
  - {fileID: 2100000, guid: d039cbc4b284e9f42a5a2f5eb7c6524e, type: 2}
  - {fileID: 2100000, guid: 804ec53be00dcc54884988a2a8241a25, type: 2}
  - {fileID: 2100000, guid: 46b83c80fe0c2fc43a9687cf0841a89c, type: 2}
  - {fileID: 2100000, guid: e3db35edf05a8e840b38f0ef70909dc2, type: 2}
  - {fileID: 2100000, guid: fe9ea37ee90ce024a9a67d4ea51a7880, type: 2}
  - {fileID: 2100000, guid: 708fea992995d914889b19e63e71f972, type: 2}
  - {fileID: 2100000, guid: 9e87fee514f516543ab68e7e164067a7, type: 2}
  - {fileID: 2100000, guid: 2eef1b73200443a49acd3a36df91bfaf, type: 2}
  - {fileID: 2100000, guid: b3eebf3095b6a044b8086142f24e0e6a, type: 2}
  - {fileID: 2100000, guid: 7cb6e2d21f5e8c24ca31897241570dae, type: 2}
  - {fileID: 2100000, guid: aba74fa25f2dd2b4b9e40f7011b32bbb, type: 2}
  - {fileID: 2100000, guid: f020f2005e45f4c45bd9a059ec4dd449, type: 2}
  - {fileID: 2100000, guid: 17c7dd3314864b043b74d4dc20817c18, type: 2}
  - {fileID: 2100000, guid: c40e92f0ba3d41b42a791dfe05026ee4, type: 2}
  - {fileID: 2100000, guid: 768da2b1e5f51f54e8e7c08b82eda5ca, type: 2}
  m_StaticBatchInfo:
    firstSubMesh: 0
    subMeshCount: 0
  m_StaticBatchRoot: {fileID: 0}
  m_ProbeAnchor: {fileID: 0}
  m_LightProbeVolumeOverride: {fileID: 0}
  m_ScaleInLightmap: 1
  m_ReceiveGI: 1
  m_PreserveUVs: 0
  m_IgnoreNormalsForChartDetection: 0
  m_ImportantGI: 0
  m_StitchLightmapSeams: 1
  m_SelectedEditorRenderState: 3
  m_MinimumChartSize: 4
  m_AutoUVMaxDistance: 0.5
  m_AutoUVMaxAngle: 89
  m_LightmapParameters: {fileID: 0}
  m_SortingLayerID: 0
  m_SortingLayer: 0
  m_SortingOrder: 0
