%YAML 1.1
%TAG !u! tag:unity3d.com,2011:
--- !u!1 &2140595057304466753
GameObject:
  m_ObjectHideFlags: 0
  m_CorrespondingSourceObject: {fileID: 0}
  m_PrefabInstance: {fileID: 0}
  m_PrefabAsset: {fileID: 0}
  serializedVersion: 6
  m_Component:
  - component: {fileID: 1657108541798264827}
  - component: {fileID: 8814841755103248570}
  m_Layer: 0
  m_Name: heat-gun
  m_TagString: Untagged
  m_Icon: {fileID: 0}
  m_NavMeshLayer: 0
  m_StaticEditorFlags: 0
  m_IsActive: 1
--- !u!4 &1657108541798264827
Transform:
  m_ObjectHideFlags: 0
  m_CorrespondingSourceObject: {fileID: 0}
  m_PrefabInstance: {fileID: 0}
  m_PrefabAsset: {fileID: 0}
  m_GameObject: {fileID: 2140595057304466753}
  m_LocalRotation: {x: -0.5691904, y: -0.25056183, z: -0.76029897, w: 0.18758066}
  m_LocalPosition: {x: 0, y: 4.39, z: 0}
  m_LocalScale: {x: 0.050316032, y: 0.050316032, z: 0.050316032}
  m_Children:
  - {fileID: 1889140652001951866}
  m_Father: {fileID: 0}
  m_RootOrder: 0
  m_LocalEulerAnglesHint: {x: -143.52, y: -106.36, z: 0}
--- !u!114 &8814841755103248570
MonoBehaviour:
  m_ObjectHideFlags: 0
  m_CorrespondingSourceObject: {fileID: 0}
  m_PrefabInstance: {fileID: 0}
  m_PrefabAsset: {fileID: 0}
  m_GameObject: {fileID: 2140595057304466753}
  m_Enabled: 1
  m_EditorHideFlags: 0
  m_Script: {fileID: 11500000, guid: 8e30d0172b1a1284888df5c867949ef7, type: 3}
  m_Name: 
  m_EditorClassIdentifier: 
  rotationRate: 3
  scaleRate: 0.0025
--- !u!1 &5404031432581104719
GameObject:
  m_ObjectHideFlags: 0
  m_CorrespondingSourceObject: {fileID: 0}
  m_PrefabInstance: {fileID: 0}
  m_PrefabAsset: {fileID: 0}
  serializedVersion: 6
  m_Component:
  - component: {fileID: 1889140652001951866}
  - component: {fileID: 5251186710899288981}
  - component: {fileID: 9109945502896752844}
  m_Layer: 0
  m_Name: heat
  m_TagString: Untagged
  m_Icon: {fileID: 0}
  m_NavMeshLayer: 0
  m_StaticEditorFlags: 0
  m_IsActive: 1
--- !u!4 &1889140652001951866
Transform:
  m_ObjectHideFlags: 0
  m_CorrespondingSourceObject: {fileID: 0}
  m_PrefabInstance: {fileID: 0}
  m_PrefabAsset: {fileID: 0}
  m_GameObject: {fileID: 5404031432581104719}
  m_LocalRotation: {x: -0.60050267, y: 0.5071277, z: 0.2998996, w: -0.5406277}
  m_LocalPosition: {x: 49, y: -138, z: -134}
  m_LocalScale: {x: 0.9375383, y: 0.9375381, z: 0.9375381}
  m_Children: []
  m_Father: {fileID: 1657108541798264827}
  m_RootOrder: 0
  m_LocalEulerAnglesHint: {x: 20.189001, y: -104.536, z: -83.950005}
--- !u!33 &5251186710899288981
MeshFilter:
  m_ObjectHideFlags: 0
  m_CorrespondingSourceObject: {fileID: 0}
  m_PrefabInstance: {fileID: 0}
  m_PrefabAsset: {fileID: 0}
  m_GameObject: {fileID: 5404031432581104719}
  m_Mesh: {fileID: -8731072563903607860, guid: f87d2183f7626d64b91b5e567c20ece5, type: 3}
--- !u!23 &9109945502896752844
MeshRenderer:
  m_ObjectHideFlags: 0
  m_CorrespondingSourceObject: {fileID: 0}
  m_PrefabInstance: {fileID: 0}
  m_PrefabAsset: {fileID: 0}
  m_GameObject: {fileID: 5404031432581104719}
  m_Enabled: 1
  m_CastShadows: 1
  m_ReceiveShadows: 1
  m_DynamicOccludee: 1
  m_MotionVectors: 1
  m_LightProbeUsage: 1
  m_ReflectionProbeUsage: 1
  m_RayTracingMode: 2
  m_RenderingLayerMask: 1
  m_RendererPriority: 0
  m_Materials:
  - {fileID: 2100000, guid: ba91e443661c7ce4ca8387f35569a5b8, type: 2}
  - {fileID: 2100000, guid: d2bd42989bb942940826175fd8b56a81, type: 2}
  m_StaticBatchInfo:
    firstSubMesh: 0
    subMeshCount: 0
  m_StaticBatchRoot: {fileID: 0}
  m_ProbeAnchor: {fileID: 0}
  m_LightProbeVolumeOverride: {fileID: 0}
  m_ScaleInLightmap: 1
  m_ReceiveGI: 1
  m_PreserveUVs: 0
  m_IgnoreNormalsForChartDetection: 0
  m_ImportantGI: 0
  m_StitchLightmapSeams: 1
  m_SelectedEditorRenderState: 3
  m_MinimumChartSize: 4
  m_AutoUVMaxDistance: 0.5
  m_AutoUVMaxAngle: 89
  m_LightmapParameters: {fileID: 0}
  m_SortingLayerID: 0
  m_SortingLayer: 0
  m_SortingOrder: 0
